@book{karttunen2007fundamental,
  title={Fundamental astronomy},
  author={Karttunen, Hannu and Kr{\"o}ger, Pekka and Oja, Heikki and Poutanen, Markku and Donner, Karl Johan},
  year={2007},
  publisher={Springer}
}